<record><leader>00000cas a22000007a 4500</leader><controlfield tag="001">13032822</controlfield><controlfield tag="008">860117d19041941wvuwr ne      0    0eng d</controlfield><datafield ind1=" " ind2=" " tag="010"><subfield code="a">sn 86092050 </subfield></datafield><datafield ind1=" " ind2=" " tag="040"><subfield code="a">WVC</subfield><subfield code="b">eng</subfield><subfield code="c">WVC</subfield><subfield code="d">ONP</subfield><subfield code="d">OCL</subfield><subfield code="d">OCLCQ</subfield><subfield code="d">OCLCF</subfield><subfield code="d">OCLCO</subfield></datafield><datafield ind1="1" ind2=" " tag="029"><subfield code="a">AU@</subfield><subfield code="b">000024690065</subfield></datafield><datafield ind1=" " ind2=" " tag="042"><subfield code="a">msc</subfield></datafield><datafield ind1=" " ind2=" " tag="043"><subfield code="a">n-us-wv</subfield></datafield><datafield ind1="0" ind2="4" tag="245"><subfield code="a">The McDowell times.</subfield></datafield><datafield ind1=" " ind2=" " tag="260"><subfield code="a">Keystone, W. Va. :</subfield><subfield code="b">M.T. Whittico &amp; R.W. White</subfield></datafield><datafield ind1=" " ind2=" " tag="300"><subfield code="a">v.</subfield></datafield><datafield ind1=" " ind2=" " tag="310"><subfield code="a">Weekly</subfield></datafield><datafield ind1="1" ind2=" " tag="362"><subfield code="a">Began in 1904; ceased in 1941?</subfield></datafield><datafield ind1=" " ind2=" " tag="500"><subfield code="a">"Colored."</subfield></datafield><datafield ind1=" " ind2=" " tag="521"><subfield code="a">Afro-American.</subfield></datafield><datafield ind1=" " ind2=" " tag="580"><subfield code="a">Preceded by: McDowell herald (non-extant).</subfield></datafield><datafield ind1=" " ind2=" " tag="588"><subfield code="a">Description based on: Vol. 10, no. 10 (May 9, 1913).</subfield></datafield><datafield ind1=" " ind2="0" tag="650"><subfield code="a">African Americans</subfield><subfield code="z">West Virginia</subfield><subfield code="v">Newspapers.</subfield></datafield><datafield ind1=" " ind2="7" tag="655"><subfield code="a">Newspapers.</subfield><subfield code="2">fast</subfield><subfield code="0">(OCoLC)fst01423814</subfield></datafield><datafield ind1=" " ind2="7" tag="650"><subfield code="a">African Americans.</subfield><subfield code="2">fast</subfield><subfield code="0">(OCoLC)fst00799558</subfield></datafield><datafield ind1=" " ind2="7" tag="651"><subfield code="a">West Virginia.</subfield><subfield code="2">fast</subfield><subfield code="0">(OCoLC)fst01205316</subfield></datafield><datafield ind1=" " ind2=" " tag="752"><subfield code="a">United States</subfield><subfield code="b">West Virginia</subfield><subfield code="c">McDowell</subfield><subfield code="d">Keystone.</subfield></datafield><datafield ind1="0" ind2="0" tag="780"><subfield code="t">McDowell herald</subfield></datafield></record>